@website{StringTheory,
title  = {String Theory},
author = {Wikipedia},
url    = {https://en.wikipedia.org/wiki/String_theory},
month  = {October},
year   = {2021}
}

@website{PointParticle,
title  = {Point particle},
author = {Wikipedia},
url    = {https://en.wikipedia.org/wiki/Point_particle},
month  = {December},
year   = {2021}
}

@website{TheoryOfEverything,
title  = {Theory of Everything},
author = {Wikipedia},
url    = {https://en.wikipedia.org/wiki/Theory_of_everything},
month  = {December},
year   = {2021}
}

@software{VibratingString,
title  = {vibratingString},
author = {Alexander Erlich},
url    = {https://www.mathworks.com/matlabcentral/fileexchange/26345-vibratingstring},
month  = {December},
year   = {2021}
}

@article{ComputationalExploration,
title  = {Computational Exploration of String Theory},
author = {Michael R. Douglas},
year   = {2018} 
}
